<?xml version="1.0" encoding="UTF-8"?>
<collection xmlns:xsi="http://www.w3.org/2001/XMLSchema-instance" xsi:schemaLocation="http://www.loc.gov/MARC21/slim http://www.loc.gov/standards/marcxml/schema/MARC21slim.xsd" xmlns="http://www.loc.gov/MARC21/slim">
<record>
  <leader>00924cam a2200265 a 4500</leader>
  <controlfield tag="001">2960947</controlfield>
  <controlfield tag="003">NNC</controlfield>
  <controlfield tag="005">20130426003107.0</controlfield>
  <controlfield tag="008">991110s1972    ir a     b    000 0 ara  </controlfield>
  <datafield tag="010" ind1=" " ind2=" ">
    <subfield code="a">   78970251 </subfield>
  </datafield>
  <datafield tag="035" ind1=" " ind2=" ">
    <subfield code="a">(OCoLC)ocm42803239</subfield>
  </datafield>
  <datafield tag="035" ind1=" " ind2=" ">
    <subfield code="9">ASK6153CU</subfield>
  </datafield>
  <datafield tag="035" ind1=" " ind2=" ">
    <subfield code="a">(NNC)2960947</subfield>
  </datafield>
  <datafield tag="040" ind1=" " ind2=" ">
    <subfield code="a">DLC</subfield>
    <subfield code="c">OSU</subfield>
    <subfield code="d">ZCU</subfield>
  </datafield>
  <datafield tag="090" ind1=" " ind2=" ">
    <subfield code="a">BP193.1.A3</subfield>
    <subfield code="b">B33 1974</subfield>
  </datafield>
  <datafield tag="100" ind1="1" ind2=" ">
    <subfield code="a">Baḥrānī, Hāshim ibn Sulaymān,</subfield>
    <subfield code="d">-approximately 1696.</subfield>
  </datafield>
  <datafield tag="245" ind1="1" ind2="3">
    <subfield code="a">al-Lawāmiʻ al-nūrānīyah fī asmāʾ ʻAlī wa-ahl baytihi al-Qurʾānīyah /</subfield>
    <subfield code="c">Hāshim al-Ḥusaynī al-Baḥrānī.</subfield>
  </datafield>
  <datafield tag="250" ind1=" " ind2=" ">
    <subfield code="a">al-Ṭabʻah 1.</subfield>
  </datafield>
  <datafield tag="260" ind1=" " ind2=" ">
    <subfield code="a">[Qum :</subfield>
    <subfield code="b">s.n.],</subfield>
    <subfield code="c">1392 [1972].</subfield>
  </datafield>
  <datafield tag="300" ind1=" " ind2=" ">
    <subfield code="a">3, 551 p. :</subfield>
    <subfield code="b">facsim. ;</subfield>
    <subfield code="c">24 cm.</subfield>
  </datafield>
  <datafield tag="504" ind1=" " ind2=" ">
    <subfield code="a">Includes bibliographical references.</subfield>
  </datafield>
  <datafield tag="600" ind1="0" ind2="0">
    <subfield code="a">ʻAlī ibn Abī Ṭālib,</subfield>
    <subfield code="c">Caliph,</subfield>
    <subfield code="d">approximately 600-661.</subfield>
  </datafield>
  <datafield tag="630" ind1="0" ind2="0">
    <subfield code="a">Qurʼan</subfield>
    <subfield code="x">Criticism, interpretation, etc.</subfield>
  </datafield>
  <datafield tag="650" ind1=" " ind2="0">
    <subfield code="a">Shiites.</subfield>
  </datafield>
  <datafield tag="955" ind1=" " ind2=" ">
    <subfield code="b">CU55337546</subfield>
    <subfield code="d">off,glx</subfield>
    <subfield code="e">BP193.1.A3 B33 1974</subfield>
  </datafield>
</record>
</collection>